@article{Charles2023AChain,
    title = {{A critical analysis of the integration of blockchain and artificial intelligence for supply chain}},
    year = {2023},
    journal = {Annals of Operations Research},
    author = {Charles, Vincent and Emrouznejad, Ali and Gherman, Tatiana},
    month = {8},
    publisher = {Springer},
    doi = {10.1007/s10479-023-05169-w},
    issn = {15729338},
    keywords = {Artificial intelligence, Bibliometric review, Blockchain, Supply chain, Systematic literature review, Thematic analysis}
}

@article{GonzalezDelgado2023AcuteStudy,
    title = {{Acute Stress in Health Workers in Colombia 2017–2021: A Cross-Sectional Study}},
    year = {2023},
    journal = {International Journal of Public Health},
    author = {Gonzalez Delgado, Mery and Cortes Gil, Jesus David and Rodriguez Araujo, Deysy Lisette and Mira Solves, Jose Joaquin and Rodriguez Gallo, Erika Bibiana and Salcedo Monsalve, Alejandra and Arrieta Arteta, Luz Angela and Villalba Toquica, Carolina del Pilar and Morales Ruiz, Juan Carlos},
    volume = {68},
    publisher = {Frontiers Media SA},
    doi = {10.3389/ijph.2023.1606274},
    issn = {16618564},
    keywords = {acute, health personnel, psychosocial risk, stress disorders, traumatic}
}

@article{Wu2023AgileDesign,
    title = {{Agile Design and AI Integration: Revolutionizing MVP Development for Superior Product Design}},
    year = {2023},
    journal = {International Journal of Education and Humanities},
    author = {Wu, Lianfan},
    volume = {9},
    issn = {2770-6702},
    keywords = {Agile design, Artificial Intelligence (AI), Design efficiency, Design quality, Minimum Viable Product (MVP), User experience}
}

@misc{Kleesiek2023AnOnly,
    title = {{An Opinion on ChatGPT in Health Care-Written by Humans Only}},
    year = {2023},
    booktitle = {Journal of nuclear medicine : official publication, Society of Nuclear Medicine},
    author = {Kleesiek, Jens and Wu, Yonghui and Stiglic, Gregor and Egger, Jan and Bian, Jiang},
    number = {5},
    month = {5},
    pages = {701--703},
    volume = {64},
    publisher = {NLM (Medline)},
    doi = {10.2967/jnumed.123.265687},
    issn = {15355667},
    pmid = {37055219}
}

@article{Ospina2021AplicacionMasa,
    title = {{Aplicación de inteligencia artificial y técnicas de aprendizaje automático para la evaluación de la susceptibilidad por movimientos en masa}},
    year = {2021},
    journal = {Revista Mexicana de Ciencias Geol{\'{o}}gicas},
    author = {Ospina, Juan Pablo and Aristiz{\'{a}}bal, Edier},
    pages = {43--54},
    volume = {38}
}

@article{Cui2022ConstructionIntelligence,
    title = {{Construction and Development of Modern Brand Marketing Management Mode Based on Artificial Intelligence}},
    year = {2022},
    journal = {Journal of Sensors},
    author = {Cui, Hailang and Nie, Yuankun and Li, Zhanling and Zeng, Jun},
    volume = {2022},
    publisher = {Hindawi Limited},
    doi = {10.1155/2022/9246545},
    issn = {16877268}
}

@article{Cascella2023EvaluatingScenarios,
    title = {{Evaluating the Feasibility of ChatGPT in Healthcare: An Analysis of Multiple Clinical and Research Scenarios}},
    year = {2023},
    journal = {Journal of Medical Systems},
    author = {Cascella, Marco and Montomoli, Jonathan and Bellini, Valentina and Bignami, Elena},
    number = {1},
    month = {12},
    volume = {47},
    publisher = {Springer},
    doi = {10.1007/s10916-023-01925-4},
    issn = {1573689X},
    pmid = {36869927},
    keywords = {Artificial intelligence, ChatGPT, Clinical resaerch, Medicine}
}

@article{Mottee2018Follow-upLink,
    title = {{Follow-up and social impact assessment (SIA) in urban transport-infrastructure projects: insights from the parramatta rail link}},
    year = {2018},
    journal = {Australian Planner},
    author = {Mottee, Lara K. and Howitt, Richard},
    number = {1},
    month = {1},
    pages = {46--56},
    volume = {55},
    publisher = {Routledge},
    doi = {10.1080/07293682.2018.1506496},
    issn = {21506841},
    keywords = {EIA follow-up, Urban {\&} transport planning {\&} governance, epping to chatswood rail link, parramatta rail link, social impact assessment}
}

@inproceedings{Cipriano2023GPT-3Report,
    title = {{GPT-3 vs Object Oriented Programming Assignments: An Experience Report}},
    year = {2023},
    author = {Cipriano, Bruno Pereira and Alves, Pedro},
    month = {6},
    pages = {61--67},
    publisher = {Association for Computing Machinery (ACM)},
    isbn = {9798400701382},
    doi = {10.1145/3587102.3588814},
    issn = {1942647X}
}

@article{Wang2016ImplementingOutlook,
    title = {{Implementing Smart Factory of Industrie 4.0: An Outlook}},
    year = {2016},
    journal = {International Journal of Distributed Sensor Networks},
    author = {Wang, Shiyong and Wan, Jiafu and Li, Di and Zhang, Chunhua},
    volume = {2016},
    publisher = {Hindawi Publishing Corporation},
    doi = {10.1155/2016/3159805},
    issn = {15501477}
}

@article{Navarra2023IntegratingProspects,
    title = {{Integrating artificial intelligence and sustainable technologies in strategic renewable energy and Power-to-X projects: A review of global best practices, risks and future prospects}},
    year = {2023},
    journal = {Society and Economy},
    author = {Navarra, Diego},
    publisher = {Akademiai Kiado ZRt.},
    doi = {10.1556/204.2023.00012},
    issn = {1588970X},
    keywords = {Power-to-X, artificial intelligence, climate change, energy systems, renewable energy, risk, sustainable technology}
}

@article{Abuzaid2022IntegrationPractice,
    title = {{Integration of artificial intelligence into nursing practice}},
    year = {2022},
    journal = {Health and Technology},
    author = {Abuzaid, Mohamed M. and Elshami, Wiam and Fadden, Sonyia Mc},
    number = {6},
    month = {11},
    pages = {1109--1115},
    volume = {12},
    publisher = {Springer Science and Business Media Deutschland GmbH},
    doi = {10.1007/s12553-022-00697-0},
    issn = {21907196},
    keywords = {Acceptance, Artificial intelligence, Future applications of AI, Integrate into practice, Nurse, Technology in nursing}
}

@techreport{LuttgenLNCSAutomata,
    title = {{LNCS 7604 - Modal Interface Automata}},
    author = {L{\"{u}}ttgen, Gerald and Vogler, Walter}
}

@misc{Luhan2021ScalingIntelligence,
    title = {{Scaling Intelligence}},
    year = {2021},
    booktitle = {Technology Architecture and Design},
    author = {Luhan, Gregory},
    number = {2},
    pages = {122},
    volume = {5},
    publisher = {Routledge},
    doi = {10.1080/24751448.2021.1967048},
    issn = {2475143X}
}

@article{Yaneth2021StrategiesSector,
    title = {{Strategies and Tools for Occupational Health and Safety Training in the Construction Sector}},
    year = {2021},
    journal = {Rev Investig Salud Univ Boyac{\'{a}}},
    author = {Yaneth, Laura and Alvarado, Gil and Bonilla, Gil and Tatiana, Briyith and Vergara, Gómez and Camilo, Jairo and Pati{\~{n}}o, Rojas and M{\'{a}}rquez Ben{\'{i}}tez, Yusselfy},
    pages = {153--172},
    issn = {2539-2018}
}

@inproceedings{Zamfirescu-Pereira2023WhyPrompts,
    title = {{Why Johnny Can't Prompt: How Non-AI Experts Try (and Fail) to Design LLM Prompts}},
    year = {2023},
    booktitle = {Conference on Human Factors in Computing Systems - Proceedings},
    author = {Zamfirescu-Pereira, J. D. and Wong, Richmond Y. and Hartmann, Bjoern and Yang, Qian},
    month = {4},
    publisher = {Association for Computing Machinery},
    isbn = {9781450394215},
    doi = {10.1145/3544548.3581388},
    keywords = {design tools, end-users, language models}
}